
@article{zembri2004,
	title = {Pourquoi le fret ferroviaire va-t-il si mal en France ?},
	author = {Zembri, Pierre},
	year = {2004},
	date = {2004},
	journal = {Flux},
	pages = {106--111},
	volume = {5657},
	number = {2},
	url = {https://www.cairn.info/revue-flux1-2004-2-page-106.htm},
	note = {Bibliographie{\_}available: 0
Cairndomain: www.cairn.info
Cite Par{\_}available: 1
Publisher: MÃ©tropolis},
	langid = {fr}
}
